@inproceedings{cook,
	note={\url{http://www.math.uwaterloo.ca/tsp/}}
}

@inproceedings{concorde,
	note = {\url{http://www.math.uwaterloo.ca/tsp/concorde/index.html}}
}

@inproceedings{monnalisa,
	note = {\url{http://www.math.uwaterloo.ca/tsp/data/ml/monalisa.html}}
}

@article{salvagnin_perf,
  title={Benchmarking optimization software with performance profiles},
  author={Dolan, E. D. and Mor{\'e}, J.J.},
  journal={Mathematical Programming},
  volume={91},
  number={2},
  pages={201-213},
  year={2002},
  publisher={Springer}
}

@article{local_branching, 
	title={A. Local branching. Math. Program.},
	author={Fischetti, M., Lodi},
	journal={Ser. B},
	volume={98},
	pages={23–47},
	year={2003},
	publisher={Springer}
}

@inproceedings{VNS,
  author={P. Hansen and N. Mladenovic and J. Brimberg and J. A. Moreno Pèrez and M. Gendreau and J. Potvin},
    year={2010},
  title={Variable Neighborhood Search},
  booktitle={Handbook of Metaheuristics},
  pages={61-86},
  publisher={Springer},
  address={Londra}
}

@article{tabu,
title = {A tutorial on Tabu Search},
author = {E. Taillard and A. Hertz and D. de Werra}
}